<?xml version="1.0" encoding="UTF-8"?><collection xmlns="http://www.loc.gov/MARC21/slim"><record><leader>00319nam--2200133-i-4500</leader><controlfield tag="001">000034070</controlfield><controlfield tag="002">20161230</controlfield><controlfield tag="005">20161230201039</controlfield><controlfield tag="008">060222s1000------------r-----000-0-eng-d</controlfield><datafield ind1=" " ind2=" " tag="080"><subfield code="a">621.396</subfield></datafield><datafield ind1=" " ind2=" " tag="100"><subfield code="a">Nesper, Eugen</subfield></datafield><datafield ind1=" " ind2=" " tag="245"><subfield code="a">Rt der radio-amateur. radio-telephonie</subfield></datafield><datafield ind1=" " ind2=" " tag="260"><subfield code="a">F.Loc.Ed.An., Xxix+856p</subfield></datafield><datafield ind1=" " ind2=" " tag="852"><subfield code="a">1741</subfield></datafield></record></collection>